@online{lienhard:2002,
  author       = "Lienhard, John B.",
  title        = "THE SEASHORE TEST",
  url          = "http://www.uh.edu/engines/epi1736.htm"
  year         = "2002"
}